% !Mode:: "TeX:UTF-8"

%%%%%%%%%%%%%%%%%%%%%%%%%%%%%%%%%%%%%%%%%%%%
%A.1 普通图书
%%%%%%%%%%%%%%%%%%%%%%%%%%%%%%%%%%%%%%%%%%%%
@BOOK{mathgirl2016,
  AUTHOR =       {结城浩},
  TITLE =        {数学女孩},
  PUBLISHER =    {人民邮电出版社},
  YEAR =         {2016},
  address =      {北京},
  isbn =         {978-7-115-41035-1},
}
